<record><leader>00000cas a22000007a 4500</leader><controlfield tag="001">33540107</controlfield><controlfield tag="008">951118d19041904inuwr ne      0    0eng d</controlfield><controlfield tag="009">5452</controlfield><datafield ind1=" " ind2=" " tag="010"><subfield code="a">sn 95067529 </subfield></datafield><datafield ind1=" " ind2=" " tag="040"><subfield code="a">NPI</subfield><subfield code="b">eng</subfield><subfield code="c">NPI</subfield></datafield><datafield ind1=" " ind2=" " tag="042"><subfield code="a">msc</subfield></datafield><datafield ind1="0" ind2=" " tag="130"><subfield code="a">Republican (Boonville, Ind.)</subfield></datafield><datafield ind1="0" ind2="4" tag="245"><subfield code="a">The Republican.</subfield></datafield><datafield ind1=" " ind2=" " tag="260"><subfield code="a">Boonville, Ind. :</subfield><subfield code="b">Thos. E. Downs and J. Len Downs,</subfield><subfield code="c">1904.</subfield></datafield><datafield ind1=" " ind2=" " tag="300"><subfield code="a">1 v. :</subfield><subfield code="b">ill.</subfield></datafield><datafield ind1=" " ind2=" " tag="310"><subfield code="a">Weekly</subfield></datafield><datafield ind1="0" ind2=" " tag="362"><subfield code="a">Vol. 1, no. 1 (May 5, 1904)-v. 1, no. 24 (Dec. 8, 1904).</subfield></datafield><datafield ind1=" " ind2=" " tag="752"><subfield code="a">United States</subfield><subfield code="b">Indiana</subfield><subfield code="c">Warrick</subfield><subfield code="d">Boonville.</subfield></datafield><datafield ind1="0" ind2="0" tag="785"><subfield code="t">Boonville Republican (Boonville, Ind. : 1904)</subfield><subfield code="w">(DLC)sn 86059036</subfield></datafield></record>